<?xml version="1.0" encoding="UTF-8"?><collection xmlns="http://www.loc.gov/MARC21/slim"><record><leader>00466nam--2200157-i-4500</leader><controlfield tag="001">000029764</controlfield><controlfield tag="002">20161230</controlfield><controlfield tag="005">20161230201037</controlfield><controlfield tag="008">060222s1000------------r-----000-0-eng-d</controlfield><datafield ind1="1" ind2=" " tag="100"><subfield code="a">Saito,Yoshimi</subfield></datafield><datafield ind1=" " ind2=" " tag="245"><subfield code="a">Spectral representations for schrodinger operators with long-range potentials</subfield></datafield><datafield ind1=" " ind2=" " tag="260"><subfield code="a">Berlin, Springer-verlag, 1979</subfield></datafield><datafield ind1=" " ind2=" " tag="490"><subfield code="a">Lecture Notes in Mathematihics</subfield><subfield code="v">vol.727</subfield></datafield><datafield ind1=" " ind2=" " tag="700"><subfield code="a">Y.Saite</subfield></datafield><datafield ind1=" " ind2=" " tag="852"><subfield code="a">49149</subfield><subfield code="c">517.9</subfield></datafield><datafield ind1=" " ind2=" " tag="CAT"><subfield code="a">Sys</subfield><subfield code="c">20090323</subfield><subfield code="h">090623</subfield></datafield></record></collection>